<?xml version="1.0" encoding="UTF-8"?><collection xmlns="http://www.loc.gov/MARC21/slim"><record><leader>00431nam--2200133-i-4500</leader><controlfield tag="001">000039516</controlfield><controlfield tag="002">20161230</controlfield><controlfield tag="005">20161230201042</controlfield><controlfield tag="008">060222s1000------------r-----000-0-eng-d</controlfield><datafield ind1=" " ind2=" " tag="080"><subfield code="a">1(043)</subfield></datafield><datafield ind1=" " ind2=" " tag="100"><subfield code="a">Rohring,Margarete</subfield></datafield><datafield ind1=" " ind2=" " tag="245"><subfield code="a">Das sein in einzigen sinne des worts. holderlins ontologische konzeption nach den beiden aufsatzen uber religion und ..</subfield></datafield><datafield ind1=" " ind2=" " tag="260"><subfield code="a">Wurzburg, Julius-maximilian-univ.,1985. Ii + 229 P</subfield></datafield><datafield ind1=" " ind2=" " tag="852"><subfield code="a">73045</subfield></datafield></record></collection>